

@book{BurnhamAnderson2002,
  author={Burnham, K.P. and Anderson, D.R.},
  title={Model Selection and Multimodel Inference: A Practical Information-Theoretic Approach, 2nd Edn.},
  year={2002},
  publisher={Springer Science and Business Media},
  address={New York}}
  
@article{Liebhold2004,
  author={Andrew Liebhold,Walter D. Koenig, and Ottar N. Bjørnstad},
  title={Spatial Synchrony in Population Dynamics},
  journal={Annual Review of Ecology, Evolution, and Systematics},
  volume={35},
  pages={467-490},
  year={2004}}
  
@article{Walter2017,
  author={Walter, Sheppard, Anderson, Kastens, Bjørnstad, Liebhold, and Reuman },
  title={The geography of spatial synchrony},
  journal={Ecology Letters},
  volume={20(7)},
  pages={801-814},
  year={2017}}
  
@article{Dut1993,
  author={Pierre Dutilleul, Peter Clifford, Sylvia Richardson and Denis Hemon},
  title={Modifying the t Test for Assessing the Correlation Between Two Spatial Processes},
  journal={Biometrics},
  volume={49(1)},
  pages={305-314},
  year={1993}}
  
@article{Heino1997,
  author={Mikko Heino, Veijo Kaitala, Esa Ranta and Jan Lindström},
  title={Synchronous dynamics and rates of extinction in spatially structured populations},
  journal={Biological Sciences},
  volume={264(1381)},
  pages={481-486},
  year={1997}}
  

  